@book{appel,
 author = {Appel, Andrew W.},
 title = {Modern Compiler Implementation in C: Basic Techniques},
 year = {1997},
 isbn = {0521583896},
 publisher = {Cambridge University Press},
 address = {New York, NY, USA},
} 

@misc{wiki:gccGithub,
	author = {},
	title = {gcc-mirror/gcc},
	howpublished = {\url{https://github.com/gcc-mirror/gcc}},
	month = {},
	year = {},
	note = {(Dostopano dne 06/18/2017)}
}

@article{parrALL,
	author = {Parr, Terence and Harwell, Sam and Fisher, Kathleen},
	title = {Adaptive LL(*) Parsing: The Power of Dynamic Analysis},
	journal = {SIGPLAN Not.},
	issue_date = {October 2014},
	volume = {49},
	number = {10},
	month = oct,
	year = {2014},
	issn = {0362-1340},
	pages = {579--598},
	numpages = {20},
	url = {http://doi.acm.org/10.1145/2714064.2660202},
	doi = {10.1145/2714064.2660202},
	acmid = {2660202},
	publisher = {ACM},
	address = {New York, NY, USA},
	keywords = {all(*), augmented transition networks, dfa, gll, glr, grammar, ll(*), nondeterministic parsing, peg},
} 
