@misc{Introduc96:online,
	author = {},
	title = {Introduction to Programming Languages/Grammars - Wikibooks, open books for an open world},
	howpublished = {\url{https://en.wikibooks.org/wiki/Introduction_to_Programming_Languages/Grammars}},
	month = {},
	year = {},
	note = {(Accessed on 12/19/2017)}
}

@book{Appel:2002,
 author = {Appel, Andrew W.},
 title = {Modern Compiler Implementation in Java, Second Edition},
 year = {2002},
 isbn = {0-521-82060-X},
 publisher = {Cambridge University Press},
 address = {New York, NY, USA},
} 

@misc{Backus:online,
	author = {},
	title = {Backus–Naur form - Wikipedia},
	howpublished = {\url{https://en.wikipedia.org/wiki/Backus%E2%80%93Naur_form}},
	month = {},
	year = {},
	note = {(Accessed on 12/26/2017)}
}

@misc{Extended22:online,
	author = {},
	title = {Extended Backus–Naur form - Wikipedia},
	howpublished = {\url{https://en.wikipedia.org/wiki/Extended_Backus%E2%80%93Naur_form}},
	month = {},
	year = {},
	note = {(Accessed on 12/26/2017)}
}











@book{appel,
 author = {Appel, Andrew W.},
 title = {Modern Compiler Implementation in C: Basic Techniques},
 year = {1997},
 isbn = {0521583896},
 publisher = {Cambridge University Press},
 address = {New York, NY, USA},
} 

@article{gramatika:Knuth:1965:LR,
	author = {Knuth, Donald},
	citeulike-article-id = {5914311},
	journal = {Information and Control},
	keywords = {parsing},
	pages = {607--639},
	posted-at = {2009-10-09 06:17:47},
	priority = {2},
	title = {On the Translation of Languages from Left to Right},
	volume = {8},
	year = {1965}
}